@article{gehring2017,
    author    = {Jonas Gehring and Michael Auli and David Grangier and Denis Yarats and Yann N. Dauphin},
    title     = {Convolutional Sequence to Sequence Learning},
    journal   = {CoRR},
    volume    = {abs/1705.03122},
    year      = {2017},
    url       = {http://arxiv.org/abs/1705.03122},
    archivePrefix = {arXiv},
    eprint    = {1705.03122},
    timestamp = {Mon, 13 Aug 2018 16:48:03 +0200},
    biburl    = {https://dblp.org/rec/bib/journals/corr/GehringAGYD17},
    bibsource = {dblp computer science bibliography, https://dblp.org}
}


@book{Aho:72,
    author  = {Alfred V. Aho and Jeffrey D. Ullman},
    title   = {The Theory of Parsing, Translation and Compiling},
    year    = "1972",
    volume  = "1",
    publisher = {Prentice-Hall},
    address = {Englewood Cliffs, NJ}
}

@article{ACM:83,
	author = {Association for Computing Machinery},
	year = "1983",
	journal = {Computing Reviews},
	volume = "24",
	number = "11",
	pages = "503--512"
}

@inproceedings{andrew2007scalable,
  title={Scalable training of {L1}-regularized log-linear models},
  author={Andrew, Galen and Gao, Jianfeng},
  booktitle={Proceedings of the 24th International Conference on Machine Learning},
  pages={33--40},
  year={2007},
}

