@article{gehring2017,
    author    = {Jonas Gehring and Michael Auli and David Grangier and Denis Yarats and Yann N. Dauphin},
    title     = {Convolutional Sequence to Sequence Learning},
    journal   = {CoRR},
    volume    = {abs/1705.03122},
    year      = {2017},
    url       = {http://arxiv.org/abs/1705.03122},
    archivePrefix = {arXiv},
    eprint    = {1705.03122},
    timestamp = {Mon, 13 Aug 2018 16:48:03 +0200},
    biburl    = {https://dblp.org/rec/bib/journals/corr/GehringAGYD17},
    bibsource = {dblp computer science bibliography, https://dblp.org}
}

