@article{gehring:etal:2017,
    author    = {Jonas Gehring and Michael Auli and David Grangier and Denis Yarats and Yann N. Dauphin},
    title     = {Convolutional Sequence to Sequence Learning},
    journal   = {CoRR},
    volume    = {abs/1705.03122},
    year      = {2017},
    url       = {http://arxiv.org/abs/1705.03122},
    archivePrefix = {arXiv},
    eprint    = {1705.03122},
    timestamp = {Mon, 13 Aug 2018 16:48:03 +0200},
    biburl    = {https://dblp.org/rec/bib/journals/corr/GehringAGYD17},
    bibsource = {dblp computer science bibliography, https://dblp.org}
}

@InProceedings{chen:etal:2018,
    author =  "Chen, Mia Xu
        and Firat, Orhan
        and Bapna, Ankur
        and Johnson, Melvin
        and Macherey, Wolfgang
        and Foster, George
        and Jones, Llion
        and Schuster, Mike
        and Shazeer, Noam
        and Parmar, Niki
        and Vaswani, Ashish
        and Uszkoreit, Jakob
        and Kaiser, Lukasz
        and Chen, Zhifeng
        and Wu, Yonghui
        and Hughes, Macduff",
    title =     "The Best of Both Worlds: Combining Recent Advances in Neural Machine Translation",
    booktitle =   "Proceedings of the 56th Annual Meeting of the Association for Computational Linguistics (Volume 1: Long Papers)",
    year =  "2018",
    publisher =   "Association for Computational Linguistics",
    pages =     "76--86",
    location =    "Melbourne, Australia",
    url =   "http://aclweb.org/anthology/P18-1008"
}

@inproceedings{vaswani:etal:2017,
    title={Attention is all you need},
    author={Vaswani, Ashish and Shazeer, Noam and Parmar, Niki and Uszkoreit, Jakob and Jones, Llion and Gomez, Aidan N and Kaiser, {\L}ukasz and Polosukhin, Illia},
    booktitle={Advances in Neural Information Processing Systems},
    pages={5998--6008},
    year={2017}
}

@incollection{sukhbaatar:etal:2105,
    title = {End-To-End Memory Networks},
    author = {Sukhbaatar, Sainbayar and Szlam, Arthur and Weston, Jason and Fergus, Rob},
    booktitle = {Advances in Neural Information Processing Systems 28},
    editor = {C. Cortes and N. D. Lawrence and D. D. Lee and M. Sugiyama and R. Garnett},
    pages = {2440--2448},
    year = {2015},
    publisher = {Curran Associates, Inc.},
    url = {http://papers.nips.cc/paper/5846-end-to-end-memory-networks.pdf}
}

@article{kalchbrenner:etal:2016,
    author = {Nal Kalchbrenner and
        Lasse Espeholt and
            Karen Simonyan and
            A{\"{a}}ron van den Oord and
            Alex Graves and
            Koray Kavukcuoglu},
    title     = {Neural Machine Translation in Linear Time},
    journal   = {CoRR},
    volume    = {abs/1610.10099},
    year      = {2016},
    url       = {http://arxiv.org/abs/1610.10099},
    archivePrefix = {arXiv},
    eprint    = {1610.10099},
    timestamp = {Mon, 13 Aug 2018 16:46:38 +0200},
    biburl    = {https://dblp.org/rec/bib/journals/corr/KalchbrennerESO16},
    bibsource = {dblp computer science bibliography, https://dblp.org}
}

@article{dauphin:etal:2016,
    author    = {Yann N. Dauphin and
        Angela Fan and
            Michael Auli and
            David Grangier},
    title     = {Language Modeling with Gated Convolutional Networks},
    journal   = {CoRR},
    volume    = {abs/1612.08083},
    year      = {2016},
    url       = {http://arxiv.org/abs/1612.08083},
    archivePrefix = {arXiv},
    eprint    = {1612.08083},
    timestamp = {Mon, 13 Aug 2018 16:47:58 +0200},
    biburl    = {https://dblp.org/rec/bib/journals/corr/DauphinFAG16},
    bibsource = {dblp computer science bibliography, https://dblp.org}
}

@inproceedings{sutskever:etal:2013,
    title={On the importance of initialization and momentum in deep learning},
    author={Ilya Sutskever and James Martens and George E. Dahl and Geoffrey E. Hinton},
    booktitle={ICML},
    year={2013}
}

@article{srivastava:eta:2014,
    author = {Srivastava, Nitish and Hinton, Geoffrey and Krizhevsky, Alex and Sutskever, Ilya and Salakhutdinov, Ruslan},
    year = {2014},
    month = {06},
    pages = {1929-1958},
    title = {Dropout: A Simple Way to Prevent Neural Networks from Overfitting},
    volume = {15},
    journal = {Journal of Machine Learning Research}
}

@article{pascanu:etal:2012,
    author = {Pascanu, Razvan and Mikolov, Tomas and Bengio, Y},
    year = {2012},
    month = {11},
    pages = {},
    title = {On the difficulty of training Recurrent Neural Networks},
    journal = {30th International Conference on Machine Learning, ICML 2013}
}

@article{gehring:etal:2016,
    author    = {Jonas Gehring and
        Michael Auli and
            David Grangier and
            Yann N. Dauphin},
    title     = {A Convolutional Encoder Model for Neural Machine Translation},
    journal   = {CoRR},
    volume    = {abs/1611.02344},
    year      = {2016},
    url       = {http://arxiv.org/abs/1611.02344},
    archivePrefix = {arXiv},
    eprint    = {1611.02344},
    timestamp = {Mon, 13 Aug 2018 16:46:00 +0200},
    biburl    = {https://dblp.org/rec/bib/journals/corr/GehringAGD16},
    bibsource = {dblp computer science bibliography, https://dblp.org}
}

